@article{li2011rsem,
  title={RSEM: accurate transcript quantification from RNA-Seq data with or without a reference genome},
  author={Li, Bo and Dewey, Colin N},
  journal={BMC Bioinformatics},
  volume={12},
  number={1},
  pages={323},
  year={2011},
  publisher={BioMed Central Ltd}
}

